%Mấy chỗ này chưa biết syntax
[1] G. Clement, J. Vertut, R. Fournier, B. Espiau and G. Andre, "An overview of 
CAT control in nuclear services," in In Proceedings of the 1985 IEEE 
International Conference on Robotics and Automation, St. Louis, MO, USA, 
1985;. 
[2] R. Taylor, J. Funda, B. Eldridge, S. Gomory, K. Gruben, D. LaRose, M. 
Talamini, L. Kavoussi and J. Anderson, "A telerobotic assistant for 
laparoscopic surgery," IEEE Eng. Med. Biol. Mag, vol. 14, p. 279–288, 1995. 

@online{robotinourlive,
    author = "Unlimited Robotics",
    title = "Robots in everyday life",
    url = "https://www.unlimited-robotics.com/post/robots-in-everyday-life"
}

@online{robotapp,
    author = "geeksforgeeks",
    title = "Top 10 Applications of Robotics in 2020",
    url = "https://www.geeksforgeeks.org/top-10-applications-of-robotics-in-2020/"
}

@online{jfrog,
    author = "JFrog",
    title = "What Is ROS and Why It’s Needed",
    url = "https://jfrog.com/connect/post/what-is-ros-and-why-its-needed/"
}

@online{builtin,
    author = "Mike Thomas",
    title = "The Future of Robots and Robotics",
    url = "https://builtin.com/robotics/future-robots-robotics"
}

@online{jetsonai,
    author = "Gary Sims",
    title = "Jetson Nano review: Is it AI for the masses?",
    url = "https://www.androidauthority.com/jetson-nano-review-969318/"
}

@article{nuclear,
    author = "G. Clement and J. Vertut and R. Fournier and B. Espiau and G. Andre",
    title = "An overview of CAT control in nuclear services",
    journal = "The 1985 IEEE International Conference on Robotics and Automation, St. Louis, MO, USA",
    year = "1985"
}
